@article{moreira2009modelo,
  title={El modelo est{\'a}ndar de la f{\'\i}sica de part{\'\i}culas},
  author={Moreira, Marco Antonio},
  journal={Revista Brasile{\~n}a de Ense{\~n}anza de F{\'\i}sica},
  volume={31},
  number={1},
  pages={1306},
  year={2009}
}
